<record><leader>00000cas a22000007a 4500</leader><controlfield tag="001">32995132</controlfield><controlfield tag="008">950816d19951997azusr n       0    0eng d</controlfield><datafield ind1=" " ind2=" " tag="010"><subfield code="a">sn2001060073</subfield></datafield><datafield ind1=" " ind2=" " tag="040"><subfield code="a">AZT</subfield><subfield code="b">eng</subfield><subfield code="c">AZT</subfield><subfield code="d">ANN</subfield><subfield code="d">OCLCQ</subfield><subfield code="d">OCLCF</subfield><subfield code="d">OCLCO</subfield></datafield><datafield ind1="1" ind2=" " tag="029"><subfield code="a">AU@</subfield><subfield code="b">000022778443</subfield></datafield><datafield ind1=" " ind2=" " tag="042"><subfield code="a">msc</subfield></datafield><datafield ind1=" " ind2=" " tag="043"><subfield code="a">n-us-az</subfield></datafield><datafield ind1="0" ind2="0" tag="245"><subfield code="a">Oro Valley EXPLORER.</subfield></datafield><datafield ind1="0" ind2="0" tag="246"><subfield code="a">Oro Valley EXPLORER &amp; Northwest EXPLORER</subfield></datafield><datafield ind1=" " ind2=" " tag="260"><subfield code="a">Tucson, Ariz. :</subfield><subfield code="b">Oro Valley Pub. L.L.C.</subfield></datafield><datafield ind1=" " ind2=" " tag="300"><subfield code="a">v. :</subfield><subfield code="b">ill. ;</subfield><subfield code="c">30 cm.</subfield></datafield><datafield ind1=" " ind2=" " tag="310"><subfield code="a">Semimonthly</subfield></datafield><datafield ind1="0" ind2=" " tag="362"><subfield code="a">Vol. 1, no. 1 (May 11-25, 1995)-v. 4, no. 51 (Dec. 18, 1997).</subfield></datafield><datafield ind1=" " ind2=" " tag="515"><subfield code="a">First issue published as insert to the Oro Valley News.</subfield></datafield><datafield ind1=" " ind2="0" tag="651"><subfield code="a">Oro Valley (Ariz.)</subfield><subfield code="v">Newspapers.</subfield></datafield><datafield ind1=" " ind2="0" tag="651"><subfield code="a">Tucson (Ariz.)</subfield><subfield code="v">Newspapers.</subfield></datafield><datafield ind1=" " ind2="0" tag="651"><subfield code="a">Pima County (Ariz.)</subfield><subfield code="v">Newspapers.</subfield></datafield><datafield ind1=" " ind2="7" tag="655"><subfield code="a">Newspapers.</subfield><subfield code="2">fast</subfield><subfield code="0">(OCoLC)fst01423814</subfield></datafield><datafield ind1=" " ind2="7" tag="651"><subfield code="a">Arizona</subfield><subfield code="z">Oro Valley.</subfield><subfield code="2">fast</subfield><subfield code="0">(OCoLC)fst01254070</subfield></datafield><datafield ind1=" " ind2="7" tag="651"><subfield code="a">Arizona</subfield><subfield code="z">Pima County.</subfield><subfield code="2">fast</subfield><subfield code="0">(OCoLC)fst01205717</subfield></datafield><datafield ind1=" " ind2="7" tag="651"><subfield code="a">Arizona</subfield><subfield code="z">Tucson.</subfield><subfield code="2">fast</subfield><subfield code="0">(OCoLC)fst01205454</subfield></datafield><datafield ind1=" " ind2=" " tag="752"><subfield code="a">United States</subfield><subfield code="b">Arizona</subfield><subfield code="c">Pima</subfield><subfield code="d">Tucson.</subfield></datafield><datafield ind1="0" ind2="0" tag="780"><subfield code="t">Oro Valley news</subfield><subfield code="w">(DLC)sn2001060015</subfield></datafield><datafield ind1="0" ind2="1" tag="785"><subfield code="t">Northwest EXPLORER</subfield><subfield code="w">(DLC)sn 00060086</subfield></datafield></record>